%% This BibTeX bibliography file was created using BibDesk.
%% http://bibdesk.sourceforge.net/


%% Created for Christian Gram Kalhauge at 2012-12-07 12:52:20 +0100 


%% Saved with string encoding Unicode (UTF-8) 



@booklet{TemLogic,
	Author = {Valentin Goranko},
	Date-Added = {2012-12-07 11:50:31 +0000},
	Date-Modified = {2012-12-07 11:51:55 +0000},
	Title = {Temporal Logics of Computations},
	Bdsk-File-1 = {YnBsaXN0MDDUAQIDBAUIJidUJHRvcFgkb2JqZWN0c1gkdmVyc2lvblkkYXJjaGl2ZXLRBgdUcm9vdIABqAkKFRYXGyIjVSRudWxs0wsMDQ4RElpOUy5vYmplY3RzViRjbGFzc1dOUy5rZXlzog8QgASABoAHohMUgAKAA1lhbGlhc0RhdGFccmVsYXRpdmVQYXRo0hgMGRpXTlMuZGF0YU8RAtIAAAAAAtIAAgAADE1hY2ludG9zaCBIRAAAAAAAAAAAAAAAAAAAAMpdvmxIKwAAAhMulx8wMjI4Ni0yMDEyIENvdXJzZSBOIzIxMzJFOUEucGRmAAAAAAAAAAAAAAAAAAAAAAAAAAAAAAAAAAAAAAAAAAACEy6azLCbOgAAAAAAAAAAAAEAAwAACSAAAAAAAAAAAAAAAAAAAAANTGVjdHVyZSBub3RlcwAAEAAIAADKXaJMAAAAEQAIAADMsH8aAAAAAQAcAhMulwITGHcB74FHAaGMiwE+hbwABWs7AAVrNgACAIVNYWNpbnRvc2ggSEQ6VXNlcnM6AGNocmlzdGlhbjoARHJvcGJveDoAU2tvbGU6ADAyMjg2IExvZ2lrIGkgZGF0YWxvZ2ksIzFFRjgxNDc6AE5vdGVzOgBMZWN0dXJlIG5vdGVzOgAwMjI4Ni0yMDEyIENvdXJzZSBOIzIxMzJFOUEucGRmAAAOAH4APgAwADIAMgA4ADYALQAyADAAMQAyACAAQwBvAHUAcgBzAGUAIABOAG8AdABlAHMAIABvAG4AIABUAGUAbQBwAG8AcgBhAGwAIABMAG8AZwBpAGMAcwAgAG8AZgAgAEMAbwBtAHAAdQB0AGEAdABpAG8AbgBzAC4AcABkAGYADwAaAAwATQBhAGMAaQBuAHQAbwBzAGgAIABIAEQAEgCzVXNlcnMvY2hyaXN0aWFuL0Ryb3Bib3gvU2tvbGUvMDIyODYgTG9naWsgaSBkYXRhbG9naSwga3Vuc3RpZyBpbnRlbGxpZ2VucyBvZyBtdWx0aWFnZW50LXN5c3RlbWVyL05vdGVzL0xlY3R1cmUgbm90ZXMvMDIyODYtMjAxMiBDb3Vyc2UgTm90ZXMgb24gVGVtcG9yYWwgTG9naWNzIG9mIENvbXB1dGF0aW9ucy5wZGYAABMAAS8AABUAAgAQ//8AAIAF0hwdHh9YJGNsYXNzZXNaJGNsYXNzbmFtZaMfICFdTlNNdXRhYmxlRGF0YVZOU0RhdGFYTlNPYmplY3RfEExMZWN0dXJlIG5vdGVzLzAyMjg2LTIwMTIgQ291cnNlIE5vdGVzIG9uIFRlbXBvcmFsIExvZ2ljcyBvZiBDb21wdXRhdGlvbnMucGRm0hwdJCWiJSFcTlNEaWN0aW9uYXJ5EgABhqBfEA9OU0tleWVkQXJjaGl2ZXIACAARABYAHwAoADIANQA6ADwARQBLAFIAXQBkAGwAbwBxAHMAdQB4AHoAfACGAJMAmACgA3YDeAN9A4YDkQOVA6MDqgOzBAIEBwQKBBcEHAAAAAAAAAIBAAAAAAAAACgAAAAAAAAAAAAAAAAAAAQu}}

@booklet{MLNotes,
	Author = {Eric Pacuit},
	Date-Added = {2012-12-07 11:38:04 +0000},
	Date-Modified = {2012-12-07 11:52:15 +0000},
	Title = {Notes on Modal Logic},
	Bdsk-File-1 = {YnBsaXN0MDDUAQIDBAUIJidUJHRvcFgkb2JqZWN0c1gkdmVyc2lvblkkYXJjaGl2ZXLRBgdUcm9vdIABqAkKFRYXGyIjVSRudWxs0wsMDQ4RElpOUy5vYmplY3RzViRjbGFzc1dOUy5rZXlzog8QgASABoAHohMUgAKAA1lhbGlhc0RhdGFccmVsYXRpdmVQYXRo0hgMGRpXTlMuZGF0YU8RAigAAAAAAigAAgAADE1hY2ludG9zaCBIRAAAAAAAAAAAAAAAAAAAAMpdvmxIKwAAAhMulwxtbC1ub3Rlcy5wZGYAAAAAAAAAAAAAAAAAAAAAAAAAAAAAAAAAAAAAAAAAAAAAAAAAAAAAAAAAAAAAAAAAAAACE2ngzMB5mgAAAAAAAAAAAAEAAwAACSAAAAAAAAAAAAAAAAAAAAANTGVjdHVyZSBub3RlcwAAEAAIAADKXaJMAAAAEQAIAADMwGuKAAAAAQAcAhMulwITGHcB74FHAaGMiwE+hbwABWs7AAVrNgACAHJNYWNpbnRvc2ggSEQ6VXNlcnM6AGNocmlzdGlhbjoARHJvcGJveDoAU2tvbGU6ADAyMjg2IExvZ2lrIGkgZGF0YWxvZ2ksIzFFRjgxNDc6AE5vdGVzOgBMZWN0dXJlIG5vdGVzOgBtbC1ub3Rlcy5wZGYADgAaAAwAbQBsAC0AbgBvAHQAZQBzAC4AcABkAGYADwAaAAwATQBhAGMAaQBuAHQAbwBzAGgAIABIAEQAEgCBVXNlcnMvY2hyaXN0aWFuL0Ryb3Bib3gvU2tvbGUvMDIyODYgTG9naWsgaSBkYXRhbG9naSwga3Vuc3RpZyBpbnRlbGxpZ2VucyBvZyBtdWx0aWFnZW50LXN5c3RlbWVyL05vdGVzL0xlY3R1cmUgbm90ZXMvbWwtbm90ZXMucGRmAAATAAEvAAAVAAIAEP//AACABdIcHR4fWCRjbGFzc2VzWiRjbGFzc25hbWWjHyAhXU5TTXV0YWJsZURhdGFWTlNEYXRhWE5TT2JqZWN0XxAaTGVjdHVyZSBub3Rlcy9tbC1ub3Rlcy5wZGbSHB0kJaIlIVxOU0RpY3Rpb25hcnkSAAGGoF8QD05TS2V5ZWRBcmNoaXZlcgAIABEAFgAfACgAMgA1ADoAPABFAEsAUgBdAGQAbABvAHEAcwB1AHgAegB8AIYAkwCYAKACzALOAtMC3ALnAusC+QMAAwkDJgMrAy4DOwNAAAAAAAAAAgEAAAAAAAAAKAAAAAAAAAAAAAAAAAAAA1I=}}

@booklet{LecPartII,
	Author = {Valentin Goranko},
	Date-Added = {2012-12-07 11:01:55 +0000},
	Date-Modified = {2012-12-07 11:32:54 +0000},
	Title = {Lecture notes, Part II: Classical propositional logic},
	Bdsk-File-1 = {YnBsaXN0MDDUAQIDBAUIJidUJHRvcFgkb2JqZWN0c1gkdmVyc2lvblkkYXJjaGl2ZXLRBgdUcm9vdIABqAkKFRYXGyIjVSRudWxs0wsMDQ4RElpOUy5vYmplY3RzViRjbGFzc1dOUy5rZXlzog8QgASABoAHohMUgAKAA1lhbGlhc0RhdGFccmVsYXRpdmVQYXRo0hgMGRpXTlMuZGF0YU8RAtQAAAAAAtQAAgAADE1hY2ludG9zaCBIRAAAAAAAAAAAAAAAAAAAAMpdvmxIKwAAAhMulx8wMjI4Ni0yMDEyLUxlY3R1cmUgIzIxMzJFOTkucGRmAAAAAAAAAAAAAAAAAAAAAAAAAAAAAAAAAAAAAAAAAAACEy6ZzHOb0gAAAAAAAAAAAAEAAwAACSAAAAAAAAAAAAAAAAAAAAANTGVjdHVyZSBub3RlcwAAEAAIAADKXaJMAAAAEQAIAADMc3+yAAAAAQAcAhMulwITGHcB74FHAaGMiwE+hbwABWs7AAVrNgACAIVNYWNpbnRvc2ggSEQ6VXNlcnM6AGNocmlzdGlhbjoARHJvcGJveDoAU2tvbGU6ADAyMjg2IExvZ2lrIGkgZGF0YWxvZ2ksIzFFRjgxNDc6AE5vdGVzOgBMZWN0dXJlIG5vdGVzOgAwMjI4Ni0yMDEyLUxlY3R1cmUgIzIxMzJFOTkucGRmAAAOAIAAPwAwADIAMgA4ADYALQAyADAAMQAyAC0ATABlAGMAdAB1AHIAZQAgAE4AbwB0AGUAcwAgAG8AbgAgAEMAbABhAHMAcwBpAGMAYQBsACAATABvAGcAaQBjAC0AUABhAHIAdAAgAEkASQAtAHYAMQAyADAAOAAyADcALgBwAGQAZgAPABoADABNAGEAYwBpAG4AdABvAHMAaAAgAEgARAASALRVc2Vycy9jaHJpc3RpYW4vRHJvcGJveC9Ta29sZS8wMjI4NiBMb2dpayBpIGRhdGFsb2dpLCBrdW5zdGlnIGludGVsbGlnZW5zIG9nIG11bHRpYWdlbnQtc3lzdGVtZXIvTm90ZXMvTGVjdHVyZSBub3Rlcy8wMjI4Ni0yMDEyLUxlY3R1cmUgTm90ZXMgb24gQ2xhc3NpY2FsIExvZ2ljLVBhcnQgSUktdjEyMDgyNy5wZGYAEwABLwAAFQACABD//wAAgAXSHB0eH1gkY2xhc3Nlc1okY2xhc3NuYW1lox8gIV1OU011dGFibGVEYXRhVk5TRGF0YVhOU09iamVjdF8QTUxlY3R1cmUgbm90ZXMvMDIyODYtMjAxMi1MZWN0dXJlIE5vdGVzIG9uIENsYXNzaWNhbCBMb2dpYy1QYXJ0IElJLXYxMjA4MjcucGRm0hwdJCWiJSFcTlNEaWN0aW9uYXJ5EgABhqBfEA9OU0tleWVkQXJjaGl2ZXIACAARABYAHwAoADIANQA6ADwARQBLAFIAXQBkAGwAbwBxAHMAdQB4AHoAfACGAJMAmACgA3gDegN/A4gDkwOXA6UDrAO1BAUECgQNBBoEHwAAAAAAAAIBAAAAAAAAACgAAAAAAAAAAAAAAAAAAAQx}}

@booklet{LecPartI,
	Author = {Valentin Goranko},
	Date-Added = {2012-12-07 10:56:42 +0000},
	Date-Modified = {2012-12-07 11:32:38 +0000},
	Title = {Lecture notes, Part I: Classical propositional logic},
	Bdsk-File-1 = {YnBsaXN0MDDUAQIDBAUIJidUJHRvcFgkb2JqZWN0c1gkdmVyc2lvblkkYXJjaGl2ZXLRBgdUcm9vdIABqAkKFRYXGyIjVSRudWxs0wsMDQ4RElpOUy5vYmplY3RzViRjbGFzc1dOUy5rZXlzog8QgASABoAHohMUgAKAA1lhbGlhc0RhdGFccmVsYXRpdmVQYXRo0hgMGRpXTlMuZGF0YU8RAtIAAAAAAtIAAgAADE1hY2ludG9zaCBIRAAAAAAAAAAAAAAAAAAAAMpdvmxIKwAAAhMulx8wMjI4Ni0yMDEyLUxlY3R1cmUgIzIxMzJFOTgucGRmAAAAAAAAAAAAAAAAAAAAAAAAAAAAAAAAAAAAAAAAAAACEy6YzGFR9gAAAAAAAAAAAAEAAwAACSAAAAAAAAAAAAAAAAAAAAANTGVjdHVyZSBub3RlcwAAEAAIAADKXaJMAAAAEQAIAADMYTXWAAAAAQAcAhMulwITGHcB74FHAaGMiwE+hbwABWs7AAVrNgACAIVNYWNpbnRvc2ggSEQ6VXNlcnM6AGNocmlzdGlhbjoARHJvcGJveDoAU2tvbGU6ADAyMjg2IExvZ2lrIGkgZGF0YWxvZ2ksIzFFRjgxNDc6AE5vdGVzOgBMZWN0dXJlIG5vdGVzOgAwMjI4Ni0yMDEyLUxlY3R1cmUgIzIxMzJFOTgucGRmAAAOAH4APgAwADIAMgA4ADYALQAyADAAMQAyAC0ATABlAGMAdAB1AHIAZQAgAE4AbwB0AGUAcwAgAG8AbgAgAEMAbABhAHMAcwBpAGMAYQBsACAATABvAGcAaQBjAC0AUABhAHIAdAAgAEkALQB2ADEAMgAwADgAMgA3AC4AcABkAGYADwAaAAwATQBhAGMAaQBuAHQAbwBzAGgAIABIAEQAEgCzVXNlcnMvY2hyaXN0aWFuL0Ryb3Bib3gvU2tvbGUvMDIyODYgTG9naWsgaSBkYXRhbG9naSwga3Vuc3RpZyBpbnRlbGxpZ2VucyBvZyBtdWx0aWFnZW50LXN5c3RlbWVyL05vdGVzL0xlY3R1cmUgbm90ZXMvMDIyODYtMjAxMi1MZWN0dXJlIE5vdGVzIG9uIENsYXNzaWNhbCBMb2dpYy1QYXJ0IEktdjEyMDgyNy5wZGYAABMAAS8AABUAAgAQ//8AAIAF0hwdHh9YJGNsYXNzZXNaJGNsYXNzbmFtZaMfICFdTlNNdXRhYmxlRGF0YVZOU0RhdGFYTlNPYmplY3RfEExMZWN0dXJlIG5vdGVzLzAyMjg2LTIwMTItTGVjdHVyZSBOb3RlcyBvbiBDbGFzc2ljYWwgTG9naWMtUGFydCBJLXYxMjA4MjcucGRm0hwdJCWiJSFcTlNEaWN0aW9uYXJ5EgABhqBfEA9OU0tleWVkQXJjaGl2ZXIACAARABYAHwAoADIANQA6ADwARQBLAFIAXQBkAGwAbwBxAHMAdQB4AHoAfACGAJMAmACgA3YDeAN9A4YDkQOVA6MDqgOzBAIEBwQKBBcEHAAAAAAAAAIBAAAAAAAAACgAAAAAAAAAAAAAAAAAAAQu}}
